@article{gerbrandy1997reasoning,
  title={Reasoning about information change},
  author={Gerbrandy, J. and Groeneveld, W.},
  journal={Journal of Logic, Language and Information},
  volume={6},
  number={2},
  pages={147--169},
  year={1997},
  publisher={Springer}
}

@inproceedings{vanditmarsch1999logic,
  title={The logic of knowledge games: showing a card},
  author={van Ditmarsch, H.},
  booktitle={Proceedings of the BNAIC},
  volume={99},
  pages={35--42},
  year={1999},
  organization={Maastricht University}
}

@article{vanditmarsch2001knowledge,
  title={Knowledge games},
  author={van Ditmarsch, H.},
  journal={Bulletin of Economic Research},
  volume={53},
  number={4},
  pages={249--273},
  year={2001},
  publisher={Wiley Online Library}
}

@inproceedings{vanditmarsch2001semantics,
  title={The semantics of concurrent knowledge actions},
  author={van Ditmarsch, H.},
  booktitle={Proc. ESSLLI Workshop on Logic and Games, Helsinki},
  year={2001}
}

@article{baltag2004logics,
  title={Logics for Epistemic Programs},
  author={Baltag, A. and Moss, L.S.},
  journal={Synthese},
  volume={139},
  number={2},
  pages={165--224},
  year={2004},
  publisher={JSTOR}
}

@inproceedings{balbiani2007arbitrary,
  title={What can we achieve by arbitrary announcements?: A dynamic take on Fitch's knowability},
  author={Balbiani, P. and Baltag, A. and van Ditmarsch, H. and Herzig, A. and Hoshi, T. and de Lima, T.},
  booktitle={Proceedings of the 11th conference on Theoretical aspects of rationality and knowledge},
  pages={42--51},
  year={2007},
  organization={ACM}
}

@article{plaza2007logics,
  title={Logics of public communications},
  author={Plaza, J.},
  journal={Synthese},
  volume={158},
  number={2},
  pages={165--179},
  year={2007},
  publisher={Springer}
}

@book{vanditmarsch2007dynamic,
  title={Dynamic epistemic logic},
  author={van Ditmarsch, H. and van der Hoek, W. and Kooi, B.},
  year={2007},
  publisher={Springer Verlag}
}

@article{french2008undecidability,
  title={Undecidability for arbitrary public announcement logic},
  author={Areces, C. and van Ditmarsch, H. and French, T. and Goldblatt, R.},
  journal={Proceedings of Advances in Modal Logic 2008},
  year={2008}
}

@article{french2009simulation,
  title={Simulation and information: Quantifying over epistemic events},
  author={van Ditmarsch, H. and French, T.},
  journal={Knowledge Representation for Agents and Multi-Agent Systems},
  pages={51--65},
  year={2009},
  publisher={Springer}
}

@inproceedings{french2010future,
    title       = {{Future event logic: axioms and complexity}},
    author      = {van Ditmarsch, H. and French, T. and Pinchinat, S.},
    booktitle   = {8th International Conference on Advances in Modal Logic, AiML2010, Moscow, Russia, August 24-27, 2010},
    year        = {2010}
}

@article{french2006bisimulation,
  title={Bisimulation quantifiers for modal logics},
  author={French, T.},
  journal={PhD thesis, University of Western Australia},
  year={2006}
}

@book{meyer2004epistemic,
  title={Epistemic logic for AI and computer science},
  author={van der Hoek, W. and Meyer, J.J.C.},
  year={2004},
  pages={35--38},
  publisher={Cambridge Univ Pr}
}

@book{blackburn2002modal,
  title={Modal logic},
  author={Blackburn, P. and de Rijke, M. and Venema, Y.},
  volume={53},
  year={2002},
  pages={341--343},
  publisher={Cambridge Univ Pr}
}

@article{alchourron1985logic,
  title={On the logic of theory change: Partial meet contraction and revision functions},
  author={Alchourr{\'o}n, C.E. and G{\"a}rdenfors, P. and Makinson, D.},
  journal={Journal of symbolic logic},
  pages={510--530},
  year={1985},
  publisher={JSTOR}
}

@article{janin1995automata,
  title={Automata for the modal $\mu$-calculus and related results},
  author={Janin, D. and Walukiewicz, I.},
  journal={Mathematical Foundations of Computer Science 1995},
  pages={552--562},
  year={1995},
  publisher={Springer}
}

@article{bilkova2008proof,
  title={Proof systems for the coalgebraic cover modality},
  author={Bilkova, M. and Palmigiano, A. and Venema, Y.},
  year={2008},
  publisher={College Publications}
}

@book{hughes1996new,
  title={A new introduction to modal logic},
  author={Hughes, G.E. and Cresswell, M.J.},
  year={1996},
  publisher={Burns \& Oates}
}

